@article{davis6,
author=" M. Davis and G. Longemann and D. Loveland",
title="A machine program for theorem proving",
journal="Journal of the ACM",
volume= "5",
number= "7",
year="1962"}
